@book{stroustrup:2013,
  author={Bjarne Stroustrup},
  title={The C++ Programming Language},
  publisher={Addison-Wesley},
  year={2013},

  series={},
  edition={4},
  month=jul,
}

@book{stroustrup:2013:tour,
  author={Bjarne Stroustrup},
  title={A Tour of C++},
  publisher={Addison-Wesley},
  year={2018},

  series={C++ in Depth},
  edition={2},
  month=sep,
}
  
@book{stroustrup:2014,
  author={Bjarne Stroustrup},
  title={Programming -- Principles and Practice},
  publisher={Addison-Wesley},
  year={2014},

  edition={2},
  month=may,
}

@book{josutis:2012,
  author={Nicolai~M. Josutis},
  title={The C++ Standard Library: A Tutorial and Reference},
  publisher={Addison-Wesley},
  year={2012},

  edition={2},
  month=apr,
}

@book{meyers:2014,
  author={Scott Meyers},
  title={Effective Modern C++: 42 Specific Ways to Improve Your Use of C++11 and C++14},
  publisher={O'Reilly},
  year={2014},

  month=dec,
}

@book{williams:2019,
  author={Anthony Williams},
  title={C++ Concurrency in Action: Practical Multithreading},
  publisher={Manning},
  year={2019},

  edition={2},
  month=feb,
}

@book{vandevoorde:2018,
  author={Daveed Vandevoorde and Nicolai~M. Josutis and Douglas Gregor},
  title={C++ Templates: The Complete Guide},
  publisher={Addison-Wesley},
  year={2017},

  edition={2},
  month=sep,
}
